<?xml version="1.0" encoding="UTF-8"?><collection xmlns="http://www.loc.gov/MARC21/slim"><record><leader>00342nam--2200133-i-4500</leader><controlfield tag="001">000042951</controlfield><controlfield tag="002">20161230</controlfield><controlfield tag="005">20161230201043</controlfield><controlfield tag="008">060222s1000------------r-----000-0-eng-d</controlfield><datafield ind1=" " ind2=" " tag="100"><subfield code="a">Stirliln,C.J</subfield></datafield><datafield ind1=" " ind2=" " tag="245"><subfield code="a">Radicals in organic chemistry</subfield></datafield><datafield ind1=" " ind2=" " tag="260"><subfield code="a">London, Oldbourne Press, 1965. 171 P</subfield></datafield><datafield ind1=" " ind2=" " tag="490"><subfield code="a">Oldbourne Chemistry Series</subfield></datafield><datafield ind1=" " ind2=" " tag="852"><subfield code="a">24650</subfield></datafield></record></collection>